<record><leader>00000cas a22000007a 4500</leader><controlfield tag="001">13918005</controlfield><controlfield tag="008">860723d184818uupauwr ne      0   a0eng  </controlfield><datafield ind1=" " ind2=" " tag="010"><subfield code="a">sn 86053598 </subfield></datafield><datafield ind1=" " ind2=" " tag="040"><subfield code="a">NPX</subfield><subfield code="b">eng</subfield><subfield code="c">NPX</subfield><subfield code="d">NPH</subfield><subfield code="d">OCL</subfield><subfield code="d">OCLCG</subfield><subfield code="d">OCLCQ</subfield><subfield code="d">OCLCF</subfield><subfield code="d">OCLCO</subfield><subfield code="d">DLC</subfield></datafield><datafield ind1="0" ind2=" " tag="022"><subfield code="a">2473-2443</subfield><subfield code="2">1</subfield></datafield><datafield ind1=" " ind2=" " tag="042"><subfield code="a">msc</subfield><subfield code="a">nsdp</subfield></datafield><datafield ind1="1" ind2="0" tag="050"><subfield code="a">ISSN RECORD</subfield></datafield><datafield ind1="1" ind2="0" tag="082"><subfield code="a">071</subfield><subfield code="2">23</subfield></datafield><datafield ind1=" " ind2="4" tag="222"><subfield code="a">The Bomb-shell</subfield><subfield code="b">(Harrisburg, Pa.)</subfield></datafield><datafield ind1="0" ind2="4" tag="245"><subfield code="a">The Bomb-shell.</subfield></datafield><datafield ind1="1" ind2=" " tag="246"><subfield code="a">Bombshell</subfield></datafield><datafield ind1=" " ind2=" " tag="260"><subfield code="a">Harrisburg [Pa.] :</subfield><subfield code="b">Fenn &amp; Co.</subfield></datafield><datafield ind1=" " ind2=" " tag="300"><subfield code="a">v. :</subfield><subfield code="b">ill.</subfield></datafield><datafield ind1=" " ind2=" " tag="310"><subfield code="a">Weekly</subfield></datafield><datafield ind1="1" ind2=" " tag="362"><subfield code="a">Began in 1848?</subfield></datafield><datafield ind1=" " ind2=" " tag="500"><subfield code="a">Published during the presidential campaign, until the 1st Tuesday of Nov.</subfield></datafield><datafield ind1=" " ind2=" " tag="500"><subfield code="a">Whig campaign paper; supporting Zachary Taylor for president, &lt;1848&gt;.</subfield></datafield><datafield ind1=" " ind2=" " tag="580"><subfield code="a">Campaign ed. of: Pennsylvania telegraph (Harrisburg, Pa. : 1840).</subfield></datafield><datafield ind1=" " ind2=" " tag="588"><subfield code="a">Description based on: No. 13 (Nov. 1, 1848); title from caption.</subfield></datafield><datafield ind1="1" ind2="0" tag="600"><subfield code="a">Taylor, Zachary,</subfield><subfield code="d">1784-1850.</subfield></datafield><datafield ind1="1" ind2="7" tag="600"><subfield code="a">Taylor, Zachary,</subfield><subfield code="d">1784-1850.</subfield><subfield code="2">fast</subfield><subfield code="0">(OCoLC)fst00002365</subfield></datafield><datafield ind1="2" ind2=" " tag="710"><subfield code="a">Whig Party (Pa.)</subfield></datafield><datafield ind1=" " ind2=" " tag="752"><subfield code="a">United States</subfield><subfield code="b">Pennsylvania</subfield><subfield code="c">Dauphin</subfield><subfield code="d">Harrisburg.</subfield></datafield><datafield ind1="1" ind2=" " tag="775"><subfield code="t">Pennsylvania telegraph (Harrisburg, Pa. : 1840)</subfield><subfield code="x">2473-0823</subfield><subfield code="w">(DLC)sn 84035974</subfield><subfield code="w">(OCoLC)11259132</subfield></datafield><datafield ind1="1" ind2=" " tag="029"><subfield code="a">AU@</subfield><subfield code="b">000025038430</subfield></datafield></record>